@INPROCEEDINGS{8812116,

  author={Hellendoorn, Vincent J. and Proksch, Sebastian and Gall, Harald C. and Bacchelli, Alberto},

  booktitle={2019 IEEE/ACM 41st International Conference on Software Engineering (ICSE)}, 

  title={When Code Completion Fails: A Case Study on Real-World Completions}, 

  year={2019},

  volume={},

  number={},

  pages={960-970},

  doi={10.1109/ICSE.2019.00101}}


@misc{https://doi.org/10.48550/arxiv.2011.04542,
  doi = {10.48550/ARXIV.2011.04542},
  
  url = {https://arxiv.org/abs/2011.04542},
  
  author = {Aye, Gareth Ari and Kim, Seohyun and Li, Hongyu},
  
  keywords = {Software Engineering (cs.SE), FOS: Computer and information sciences, FOS: Computer and information sciences},
  
  title = {Learning Autocompletion from Real-World Datasets},
  
  publisher = {arXiv},
  
  year = {2020},
  
  copyright = {Creative Commons Attribution Non Commercial Share Alike 4.0 International}
}

@misc{2107.03374,
  doi = {10.48550/ARXIV.2107.03374},
  
  url = {https://arxiv.org/abs/2107.03374},
  
  author = {Chen, Mark and Tworek, Jerry and Jun, Heewoo and Yuan, Qiming and Pinto, Henrique Ponde de Oliveira and Kaplan, Jared and Edwards, Harri and Burda, Yuri and Joseph, Nicholas and Brockman, Greg and Ray, Alex and Puri, Raul and Krueger, Gretchen and Petrov, Michael and Khlaaf, Heidy and Sastry, Girish and Mishkin, Pamela and Chan, Brooke and Gray, Scott and Ryder, Nick and Pavlov, Mikhail and Power, Alethea and Kaiser, Lukasz and Bavarian, Mohammad and Winter, Clemens and Tillet, Philippe and Such, Felipe Petroski and Cummings, Dave and Plappert, Matthias and Chantzis, Fotios and Barnes, Elizabeth and Herbert-Voss, Ariel and Guss, William Hebgen and Nichol, Alex and Paino, Alex and Tezak, Nikolas and Tang, Jie and Babuschkin, Igor and Balaji, Suchir and Jain, Shantanu and Saunders, William and Hesse, Christopher and Carr, Andrew N. and Leike, Jan and Achiam, Josh and Misra, Vedant and Morikawa, Evan and Radford, Alec and Knight, Matthew and Brundage, Miles and Murati, Mira and Mayer, Katie and Welinder, Peter and McGrew, Bob and Amodei, Dario and McCandlish, Sam and Sutskever, Ilya and Zaremba, Wojciech},
  
  keywords = {Machine Learning (cs.LG), FOS: Computer and information sciences, FOS: Computer and information sciences},
  
  title = {Evaluating Large Language Models Trained on Code},
  
  publisher = {arXiv},
  
  year = {2021},
  
  copyright = {arXiv.org perpetual, non-exclusive license}
}
